@inproceedings{
Madhukar06,
   Author = {Madhukar, Alok and Williamson, Carey},
   Title = {A Longitudinal Study of P2P Traffic Classification},
   BookTitle = {MASCOTS'06},
   Address= {Monterey, California, USA},
   Pages = {179-188},
      Year = {2006} }

@inproceedings{
Karagiannis05a,
   Author = {Karagiannis, Thomas and Konstantina and Papagiannaki and Faloutsos, Michalis},
   Title = {BLINC: Multilevel Traffic Classification in the Dark},
   BookTitle = {ACM SIGCOMM 2005},
   Address= {Philadelphia, Pennsylvania, USA.},
      Year = {2005} }

@inproceedings{
Karagiannis04,
   Author = {Karagiannis, Thomas and Broido, Andre and Faloutsos, Michalis and claffy, Kc},
   Title = {Transport layer identification of P2P traffic},
   BookTitle = {Proc. of IMC'04},
   Address= {Taormina, Sicily, Italy},
   Pages = {121 - 134 },
      Year = {2004} }
